@misc{LeClair,
  title        = {Jones calculus},
  author       = {LeClair},
  year         = 2011,
  note         = {\url{https://pleclair.ua.edu/optics/Notes/Jones.pdf} [Accessed: 2024-12-09]}
}

@article{Yu_2022, title={Beamline simulations using monochromators with high d-spacing crystals}, volume={29}, ISSN={1600-5775}, url={http://dx.doi.org/10.1107/S160057752200707X}, DOI={10.1107/s160057752200707x}, number={5}, journal={Journal of Synchrotron Radiation}, publisher={International Union of Crystallography (IUCr)}, author={Yu, X. J. and Chi, X. and Smulders, T. and Wee, A. T. S. and Rusydi, A. and Sanchez del Rio, M. and Breese, M. B. H.}, year={2022}, month=aug, pages={1157–1166} }

@misc{wiki:torus,
    author = "{Wikipedia contributors}",
    title = "Torus --- {Wikipedia}{,} The Free Encyclopedia",
    year = "2024",
    howpublished = "\url{https://en.wikipedia.org/w/index.php?title=Torus&oldid=1216124461}",
    note = "[Online; accessed 4-April-2024]"
  }



@book{goodman,
  title={Statistical Optics},
  author={Goodman, J.W.},
  isbn={9780471015024},
  lccn={lc84013160},
  series={A Wiley-Interscience publication},
  year={1985},
  publisher={Wiley}
}

@book{Goodman2017,
    author = {J. W. Goodman},
    edition = {Fourth},
    isbn = {ISBN 1-319-11916-6},
    publisher = {W. H. Freeman and Company},
    title = {{Introduction to Fourier Optics}},
    year = {2017},
}

@book{born_wolf,
  title={Principles of Optics: Electromagnetic Theory of Propagation, Interference and Diffraction of Light},
  author={Born, M. and Wolf, E. and Bhatia, A.B.},
  isbn={9780521642224},
  lccn={98049429},
  year={1999},
  publisher={Cambridge University Press}
}

@article{codeHYBRID,
author = "Shi, Xianbo and Reininger, Ruben and Sanchez del Rio, Manuel and Assoufid, Lahsen",
title = "{A hybrid method for X-ray optics simulation: combining geometric ray-tracing and wavefront propagation}",
journal = "Journal of Synchrotron Radiation",
year = "2014",
volume = "21",
number = "4",
pages = "669--678",
month = "Jul",
doi = {10.1107/S160057751400650X},
url = {https://doi.org/10.1107/S160057751400650X},
keywords = {hybrid method, beamline design, X-ray optics simulation, ray-tracing, wavefront propagation, partial coherence},
}

@article{codeSHADOW,
    author = {Sanchez del Rio, M. and Canestrari, N. and Jiang, F. and Cerrina, F.},
    title = {{\it SHADOW3}: a new version of the synchrotron X-ray optics modelling package},
    journal = {Journal of Synchrotron Radiation},
    url = {http://dx.doi.org/10.1117/12.893433},
    year = {2011},
    volume = {18},
    number = {5},
    pages = {708--716}
}

@article{codeSHADOWOUI,
    author = {Rebuffi, L. and Sanchez del Rio, M.},
    title = {{\it ShadowOui}: a new visual environment for X-ray optics and synchrotron beamline simulations},
    journal = {Journal of Synchrotron Radiation},
    url={https://doi.org/10.1107/S1600577516013837},
    year = {2016},
    volume = {23},
    number = {6},
    pages = {1357--1367},
    month = "November"
}

@article{codeOASYS,
  author = {Rebuffi, L. and Sanchez del Rio, M.},
  title = {{OASYS (OrAnge SYnchrotron Suite): an open-source graphical environment for x-ray virtual experiments}},
  journal = {Proc. SPIE 10388: Advances in Computational Methods for X-Ray Optics IV},
  volume = {10388},
  pages = {169--177},
  year = {2017},
  doi = {10.1117/12.2274263},
  URL = {http://doi.org/10.1117/12.2274263}
}

@article{hierarchical,
    author = "Sanchez del Rio, Manuel and Celestre, Rafael and Glass, Mark and Pirro, Giovanni and Herrera, Juan Reyes and Barrett, Ray and da Silva, Julio Cesar and Cloetens, Peter and Shi, Xianbo and Rebuffi, Luca",
    title = "{A hierarchical approach for modeling X-ray beamlines: application to a coherent beamline}",
    journal = "Journal of Synchrotron Radiation",
    year = "2019",
    volume = "26",
    number = "6",
    pages = "1887--1901",
    month = "Nov",
    doi = {10.1107/S160057751901213X},
    url = {https://doi.org/10.1107/S160057751901213X},
}

@phdthesis{pirro2017,
	type = {{MSc} thesis},
	title = {Application of Scaled Wave Optics Propagator to Model Synchrotron Beamlines},
	school = {Politecnico di Milano},
	author = {Pirro, Giovanni},
	year = {2017},
}

@book{paganin_book,
  title={Coherent X-Ray Optics},
  author={Paganin, D. M.},
  year={2006},
  publisher={Oxford University Press}
}

@article{srio1992,
    title = {Waviness effects in ray-tracing of “real” optical surfaces},
    journal = {Nuclear Instruments and Methods in Physics Research Section A: Accelerators, Spectrometers, Detectors and Associated Equipment},
    volume = {319},
    number = {1},
    pages = {170-177},
    year = {1992},
    issn = {0168-9002},
    doi = {https://doi.org/10.1016/0168-9002(92)90550-N},
    url = {https://www.sciencedirect.com/science/article/pii/016890029290550N},
    author = {M. {Sanchez del Rio} and A. Marcelli},
}

@article{codeWOFRY,
    author = {Rebuffi, Luca and Sanchez del Rio, Manuel},
    title = {{Interoperability and complementarity of simulation tools for beamline design in the OASYS environment}},
    volume = {10388},
    journal = {Proc. SPIE 10388, Advances in Computational Methods for X-Ray Optics IV},
    organization = {International Society for Optics and Photonics},
    pages = {28 -- 41},
    year = {2017},
    doi = {10.1117/12.2274232},
    URL = {https://doi.org/10.1117/12.2274232}
}

@book{schmidt,
  title={Numerical Simulation of Optical Wave Propagation},
  author={Schmidt, Jason D.},
  year={2010},
  publisher={SPIE press}
}

@article{Semichaevsky2001,
    author = {Semichaevsky, Andrey V and Testorf, Markus E},
    journal = {Proc. SPIE 4436, Wave-Optical Systems Engineering},
    doi = {10.1117/12.451310},
    organization = {International Society for Optics and Photonics},
    pages = {56},
    title = {{Anything optical rays cannot do?}},
    year = {2001}
}


@article{Shi2017,
    author = {Xianbo Shi and Ruben Reininger and Ross Harder and Dean Haeffner},
    title = {{X-ray optics simulation and beamline design for the APS upgrade}},
    volume = {10388},
    journal = {Proc. SPIE 10388, Advances in Computational Methods for X-Ray Optics IV},
    pages = {49 -- 60},
    keywords = {Beamline design, X-ray optics simulation, beam coherence, Zoom optics},
    year = {2017},
    doi = {10.1117/12.2274571},
    URL = {https://doi.org/10.1117/12.2274571}
}

@article{Luca2020,
    author = {Luca Rebuffi and Xianbo Shi},
    title = {{Advanced simulation tools in the OASYS suite and their applications to the APS-U optical design}},
    volume = {11493},
    journal = {Proc. SPIE 11493, Advances in Computational Methods for X-Ray Optics V},
    pages = {1 -- 11},
    keywords = {OASYS, Optics, Simulation, Synchrotron, X-Ray, Software, APS, Upgrade},
    year = {2020},
    doi = {10.1117/12.2567501},
    URL = {https://doi.org/10.1117/12.2567501}
}

@inproceedings{KimConvolution,
  doi = {10.1117/12.950906},
  url = {https://doi.org/10.1117/12.950906},
  year = {1986},
  month = may,
  publisher = {{SPIE}},
  author = {Kwang-Je Kim},
  editor = {Ingolf E. Lindau and Roman O. Tatchyn},
  title = {A New Formulation Of Synchrotron Radiation Optics Using The Wigner Distribution},
  booktitle = {{SPIE} Proceedings}
}

@phdthesis{glassThesis,
  TITLE = {{Statistical optics for synchrotron emission: numerical calculation of coherent modes}},
  AUTHOR = {Glass, Mark},
  URL = {https://tel.archives-ouvertes.fr/tel-01664052},
  NUMBER = {2017GREAY024},
  SCHOOL = {{Universit{\'e} Grenoble Alpes \textit{https://tinyurl.com/ys9vupne}}},
  YEAR = {2017},
  MONTH = Jun,
  TYPE = {Ph.D. thesis},
  PDF = {https://tel.archives-ouvertes.fr/tel-01664052/file/GLASS_2017_diffusion.pdf},
  HAL_ID = {tel-01664052},
  HAL_VERSION = {v1},
}

@article{PaganinSanchezDelRio2019,
  title = {Speckled cross-spectral densities and their associated correlation singularities for a modern source of partially coherent x rays},
  author = {Paganin, David M. and Sanchez del Rio, Manuel},
  journal = {Phys. Rev. A},
  volume = {100},
  issue = {4},
  pages = {043813},
  numpages = {15},
  year = {2019},
  month = {Oct},
  publisher = {American Physical Society},
  doi = {10.1103/PhysRevA.100.043813},
  url = {https://link.aps.org/doi/10.1103/PhysRevA.100.043813}
}

@book{elleaume,
  title={Undulators, Wigglers and Their Applications},
  author={Onuki, H. and Elleaume, P.},
  isbn={9780203218235},
  year={2003},
  publisher={CRC Press}
}

@book{xraydatabooklet,
  title={X-ray Data Booklet},
  author={Thompson, A.C.},
  url={http://xdb.lbl.gov/},
  year={2001},
  publisher={Lawrence Berkeley National Laboratory, University of California}
}


@article{glass2017,
  author={Glass, Mark and Sanchez del Rio, Manuel},
  title={Coherent modes of X-ray beams emitted by undulators in new storage rings},
  journal={EPL (Europhysics Letters)},
  volume={119},
  number={3},
  pages={34004},
  url={https://doi.org/10.1209/0295-5075/119/34004},
  doi = "{10.1209/0295-5075/119/34004}",
  year={2017},
}

@book{goodman,
  title={Statistical Optics},
  author={Goodman, J.W.},
  isbn={9780471015024},
  lccn={lc84013160},
  series={A Wiley-Interscience publication},
  year={1985},
  publisher={Wiley}
}

@book{hecht,
  title={Optics},
  author={Hecht, E.},
  isbn={9788131718070},
  lccn={2001032540},
  year={2012},
  publisher={Pearson Education}
}

@book{zachariasen1945theory,
  title={Theory of X-ray diffraction in crystals},
  author={Zachariasen, W.H.},
  lccn={45001406},
  series={Dover books on physics and mathematical physics},
  year={1945},
  publisher={J. Wiley \& sons, inc.}
}

@article{Lai1988,
  doi = {10.1016/0168-9002(88)90444-5},
  url = {https://doi.org/10.1016/0168-9002(88)90444-5},
  year = {1988},
  month = apr,
  publisher = {Elsevier {BV}},
  volume = {266},
  number = {1-3},
  pages = {544--549},
  author = {B. Lai and K. Chapman and F. Cerrina},
  title = {{SHADOW}: New developments},
  journal = {Nuclear Instruments and Methods in Physics Research Section A: Accelerators,  Spectrometers,  Detectors and Associated Equipment}
}

@article{Lai1989,
  doi = {10.1063/1.1140845},
  url = {https://doi.org/10.1063/1.1140845},
  year = {1989},
  month = jul,
  publisher = {{AIP} Publishing},
  volume = {60},
  number = {7},
  pages = {2127--2127},
  author = {B. Lai and K. Chapman and P. Runkle and F. Cerrina},
  title = {{SHADOW}: New developments (abstract)},
  journal = {Review of Scientific Instruments}
}

@article{Chapman1989,
  doi = {10.1016/0168-9002(89)91260-6},
  url = {https://doi.org/10.1016/0168-9002(89)91260-6},
  year = {1989},
  month = oct,
  publisher = {Elsevier {BV}},
  volume = {283},
  number = {1},
  pages = {88--99},
  author = {K. Chapman and B. Lai and F. Cerrina and J. Viccaro},
  title = {Modelling of undulator sources},
  journal = {Nuclear Instruments and Methods in Physics Research Section A: Accelerators,  Spectrometers,  Detectors and Associated Equipment}
}

@article{Chen1994,
  doi = {10.1016/0168-9002(94)91918-6},
  url = {https://doi.org/10.1016/0168-9002(94)91918-6},
  year = {1994},
  month = aug,
  publisher = {Elsevier {BV}},
  volume = {347},
  number = {1-3},
  pages = {407--411},
  author = {Guan-Jye Chen and F. Cerrina and Karl F. Voss and K. Hyde Kim and Frederick C. Brown},
  title = {Ray-tracing of X-ray focusing capillaries},
  journal = {Nuclear Instruments and Methods in Physics Research Section A: Accelerators,  Spectrometers,  Detectors and Associated Equipment}
}

@article{Chen1994b,
  doi = {10.1016/0168-9002(94)91884-8},
  url = {https://doi.org/10.1016/0168-9002(94)91884-8},
  year = {1994},
  month = aug,
  publisher = {Elsevier {BV}},
  volume = {347},
  number = {1-3},
  pages = {238--243},
  author = {Guan-Jye Chen and J.Z.Y. Guo and F. Cerrina},
  title = {Applications of faceted mirrors to X-ray lithography beamlines},
  journal = {Nuclear Instruments and Methods in Physics Research Section A: Accelerators,  Spectrometers,  Detectors and Associated Equipment}
}

@article{Singh1996,
  doi = {10.1063/1.1147374},
  url = {https://doi.org/10.1063/1.1147374},
  year = {1996},
  month = sep,
  publisher = {{AIP} Publishing},
  volume = {67},
  number = {9},
  pages = {3355--3355},
  author = {S. Singh and H. Solak and F. Cerrina},
  title = {Multilayer roughness and image formation in the Schwarzschild objective},
  journal = {Review of Scientific Instruments}
}

@article{SanchezdelRio1992,
  doi = {10.1063/1.1143785},
  url = {https://doi.org/10.1063/1.1143785},
  year = {1992},
  month = jan,
  publisher = {{AIP} Publishing},
  volume = {63},
  number = {1},
  pages = {936--940},
  author = {M. {Sanchez del Rio} and F. Cerrina},
  title = {Asymmetrically cut crystals for synchrotron radiation monochromators},
  journal = {Review of Scientific Instruments}
}

@article{SanchezdelRio1992b,
  doi = {10.1063/1.1143784},
  url = {https://doi.org/10.1063/1.1143784},
  year = {1992},
  month = jan,
  publisher = {{AIP} Publishing},
  volume = {63},
  number = {1},
  pages = {932--935},
  author = {M. Sanchez del Rio and S. Bernstorff and A. Savoia and F. Cerrina},
  title = {A conceptual model for ray tracing calculations with mosaic crystals},
  journal = {Review of Scientific Instruments}
}

@article{SanchezdelRio1994,
  doi = {10.1016/0168-9002(94)91905-4},
  url = {https://doi.org/10.1016/0168-9002(94)91905-4},
  year = {1994},
  month = aug,
  publisher = {Elsevier {BV}},
  volume = {347},
  number = {1-3},
  pages = {338--343},
  author = {M. {Sanchez del Rio} and C. Ferrero and G-J. Chen and F. Cerrina},
  title = {Modeling perfect crystals in transmission geometry for synchrotron radiation monochromator design},
  journal = {Nuclear Instruments and Methods in Physics Research Section A: Accelerators,  Spectrometers,  Detectors and Associated Equipment}
}

@inproceedings{SanchezdelRio2004,
  doi = {10.1063/1.1757913},
  url = {https://doi.org/10.1063/1.1757913},
  year = {2004},
  publisher = {{AIP}},
  author = {Manuel Sanchez del Rio and Roger Dejus},
  title = {{XOP} 2.1 {\textemdash} A New Version of the X-ray Optics Software Toolkit},
  booktitle = {{AIP} Conference Proceedings}
}

@article{waviness,
  doi = {10.1016/0168-9002(92)90550-n},
  url = {https://doi.org/10.1016/0168-9002(92)90550-n},
  year = {1992},
  month = aug,
  publisher = {Elsevier {BV}},
  volume = {319},
  number = {1-3},
  pages = {170--177},
  author = {M. Sanchez del Rio and A. Marcelli},
  title = {Waviness effects in ray-tracing of {\textquotedblleft}real{\textquotedblright} optical surfaces},
  journal = {Nuclear Instruments and Methods in Physics Research Section A: Accelerators,  Spectrometers,  Detectors and Associated Equipment}
}

@inproceedings{Canestrari2011,
  doi = {10.1117/12.893433},
  url = {https://doi.org/10.1117/12.893433},
  year = {2011},
  month = sep,
  publisher = {{SPIE}},
  author = {Niccol{\`{o}} Canestrari and Dimitris Karkoulis and Manuel Sanchez del Rio},
  editor = {Manuel Sanchez del Rio and Oleg Chubar},
  title = {{SHADOW}3-{API}: the application programming interface for the ray tracing code {SHADOW}},
  booktitle = {{SPIE} Proceedings}
}

@inproceedings{OASYS,
  doi = {10.1117/12.2274263},
  url = {https://doi.org/10.1117/12.2274263},
  year = {2017},
  month = aug,
  publisher = {{SPIE}},
  author = {Luca Rebuffi and Manuel Sanchez del Rio},
  editor = {Kawal Sawhney and Oleg Chubar},
  title = {{OASYS} ({OrAnge} {SYnchrotron} Suite): an open-source graphical environment for x-ray virtual experiments},
  booktitle = {Advances in Computational Methods for X-Ray Optics {IV}}
}

@article{ShadowOUI,
  doi = {10.1107/s1600577516013837},
  url = {https://doi.org/10.1107/s1600577516013837},
  year = {2016},
  month = oct,
  publisher = {International Union of Crystallography ({IUCr})},
  volume = {23},
  number = {6},
  pages = {1357--1367},
  author = {Luca Rebuffi and Manuel Sanchez del Rio},
  title = {{ShadowOui}: a new visual environment for X-ray optics and synchrotron beamline simulations},
  journal = {Journal of Synchrotron Radiation}
}

@article{Shi2014,
  doi = {10.1107/s160057751400650x},
  url = {https://doi.org/10.1107/s160057751400650x},
  year = {2014},
  month = may,
  publisher = {International Union of Crystallography ({IUCr})},
  volume = {21},
  number = {4},
  pages = {669--678},
  author = {Xianbo Shi and Ruben Reininger and Manuel Sanchez del Rio and Lahsen Assoufid},
  title = {A hybrid method for X-ray optics simulation: combining geometric ray-tracing and wavefront propagation},
  journal = {Journal of Synchrotron Radiation}
}

@article{DABAM,
  doi = {10.1107/s1600577516005014},
  url = {https://doi.org/10.1107/s1600577516005014},
  year = {2016},
  month = apr,
  publisher = {International Union of Crystallography ({IUCr})},
  volume = {23},
  number = {3},
  pages = {665--678},
  author = {Manuel Sanchez del Rio and Davide Bianchi and Daniele Cocco and Mark Glass and Mourad Idir and Jim Metz and Lorenzo Raimondi and Luca Rebuffi and Ruben Reininger and Xianbo Shi and Frank Siewert and Sibylle Spielmann-Jaeggi and Peter Takacs and Muriel Tomasset and Tom Tonnessen and Amparo Vivo and Valeriy Yashchuk},
  title = {{DABAM}: an open-source database of X-ray mirrors metrology},
  journal = {Journal of Synchrotron Radiation}
}

@article{Rebuffi2020,
  doi = {10.1107/s160057752000778x},
  url = {https://doi.org/10.1107/s160057752000778x},
  year = {2020},
  month = jul,
  publisher = {International Union of Crystallography ({IUCr})},
  volume = {27},
  number = {5},
  pages = {1108--1120},
  author = {Luca Rebuffi and Xianbo Shi and Manuel Sanchez del Rio and Ruben Reininger},
  title = {A ray-tracing algorithm for ab-initio calculation of thermal load in undulator-based synchrotron beamlines},
  journal = {Journal of Synchrotron Radiation}
}

@inproceedings{syned,
  doi = {10.1117/12.2274232},
  url = {https://doi.org/10.1117/12.2274232},
  year = {2017},
  month = aug,
  publisher = {{SPIE}},
  author = {Luca Rebuffi and Manuel Sanchez del Rio},
  editor = {Kawal Sawhney and Oleg Chubar},
  title = {Interoperability and complementarity of simulation tools for beamline design in the {OASYS} environment},
  booktitle = {Advances in Computational Methods for X-Ray Optics {IV}}
}

@article{ShadowSRN2023,
author = {Sanchez del Rio, M. and Rebuffi, L.},
title = {40 Years of SHADOW: Serving Four Generations of Synchrotron Facilities},
journal = {Synchrotron Radiation News},
volume = {36},
number = {5},
pages = {6-7},
year = {2023},
publisher = {Taylor & Francis},
doi = {10.1080/08940886.2023.2274745},
URL = { 
        https://doi.org/10.1080/08940886.2023.2274745
},
eprint = { 
        https://doi.org/10.1080/08940886.2023.2274745
}
}

@book{BookDuke,
	author = {Duke, Philip John},
	title = {Synchrotron radiation :},
	publisher = {Oxford Univ. Press,},
	year = {2000},
	series = {Oxford series on synchrotron radiation ;},
	address = {Oxford [u.a.] :},
	edition = {1. publ.},
	note = {Includes index. - Bibliography},
	url = {http://www.loc.gov/catdir/enhancements/fy0611/00703272-t.html}
}

@inproceedings{Cerrina1984,
  doi = {10.1117/12.944815},
  url = {https://doi.org/10.1117/12.944815},
  year = {1984},
  month = dec,
  publisher = {{SPIE}},
  author = {F. Cerrina},
  editor = {Jeremy M. Lerner},
  title = {Ray Tracing Of Recent {VUV} Monochromator Designs},
  booktitle = {{SPIE} Proceedings}
}
